<?xml version="1.0" encoding="UTF-8"?><collection xmlns="http://www.loc.gov/MARC21/slim"><record><leader>00630nam--2200193-i-4500</leader><controlfield tag="001">000015517</controlfield><controlfield tag="002">20161230</controlfield><controlfield tag="005">20161230201031</controlfield><controlfield tag="008">060222s1000------------r-----000-0-eng-d</controlfield><datafield ind1=" " ind2=" " tag="040"><subfield code="a">IFIN-HH</subfield></datafield><datafield ind1=" " ind2=" " tag="080"><subfield code="a">53:577(061.3)</subfield></datafield><datafield ind1="1" ind2=" " tag="100"><subfield code="a">Basar, E./S.A.</subfield></datafield><datafield ind1="1" ind2="Q" tag="245"><subfield code="a">Springer series in energetics. vol. 23. synergetics of the brain. proceedings schloss elmau, bavaria, 1983</subfield><subfield code="c">E. basar, h. flohr, h. haken, a.j. mandell (eds.)</subfield></datafield><datafield ind1=" " ind2=" " tag="260"><subfield code="a">Berlin</subfield><subfield code="b">Springer-verlag</subfield><subfield code="c">1983</subfield></datafield><datafield ind1=" " ind2=" " tag="300"><subfield code="a">VIII + 377 P</subfield></datafield><datafield ind1=" " ind2=" " tag="490"><subfield code="a">Springer Series In Energetics, 23</subfield></datafield><datafield ind1="1" ind2=" " tag="700"><subfield code="a">Mandell, A.J</subfield><subfield code="e">Ed</subfield></datafield><datafield ind1=" " ind2=" " tag="852"><subfield code="a">47885</subfield><subfield code="c">53</subfield></datafield><datafield ind1=" " ind2=" " tag="CAT"><subfield code="a">Sys</subfield><subfield code="c">20150326</subfield><subfield code="h">143630</subfield></datafield></record></collection>